@inproceedings{awangga2017colenak,
  title={Colenak: GPS tracking model for post-stroke rehabilitation program using AES-CBC URL encryption and QR-Code},
  author={Awangga, Rolly Maulana and Fathonah, Nuraini Siti and Hasanudin, Trisna Irmayadi},
  booktitle={Information Technology, Information Systems and Electrical Engineering (ICITISEE), 2017 2nd International conferences on},
  pages={255--260},
  year={2017},
  organization={IEEE}
}
@book{pangera2005sistem,
  title={Sistem Operasi},
  author={Pangera, Abas Ali and Ariyus, Dony},
  year={2005},
  publisher={Penerbit Andi}
}
@article{tawarmateri,
  title={Materi Manajemen Memori},
  author={Tawar, M}
}
@article{sigiro2013perangkat,
  title={Perangkat Komunikasi Multi-External Hardware Melalui Lan dengan Menggunakan Microcontroller},
  author={Sigiro, Marojahan MT},
  journal={SEMNASTEKNOMEDIA ONLINE},
  volume={1},
  number={1},
  pages={05--1},
  year={2013}
}

